% Références bibliographiques du Projet de Programmation

@Booklet{Bat93,
title = {Natural {L}anguage {G}eneration : an introduction and open-ended review of the state of the art},
author = {John Bateman},
howpublished = "\url{http://www.fb10.uni-bremen.de/anglistik/langpro/webspace/jb/info-pages/nlg/ATG01/}",
year = {1993 (dernier accès : 16 janvier 2013)},
}

@inproceedings{Clem12,
author = {Lionel Clément},
editor = {ATALA, AFCP},
title = {Synthèse de texte avec le logiciel {S}yntox},
booktitle = {Actes de la conférence conjointe JEP-TALN-RECITAL},
year = {2012},
}

@inproceedings{Dan11,
author = {Combet V., Danlos L., Meunier F.},
title = {Easy{T}ext : an operational {NLG} {S}ystem},
booktitle = {European Workshop on Natural Laguage Generation},
year = {2011},
}

@InProceedings{Dan10,
author = {Laurence Danlos},
title = {Ecriture automatique},
booktitle = {Les cahiers de l'INRIA},
year = {2010},
}


@TechReport{GAT2,
author = {Mourhri et al.},
title = {Générateur automatique de texte},
institution = {Université Bordeaux 1},
year = {2012},
type = {Mémoire de {P}rojet de {P}rogrammation},
}

@inbook{Dan00,
author = {Danlos L. et Roussarie L.},
title = {La génération automatique de textes},
booktitle = {Ingénierie de la langue},
year = {2000},
}
